@article{cogburn2011networked,
  title={From networked nominee to networked nation: Examining the impact of Web 2.0 and social media on political participation and civic engagement in the 2008 Obama campaign},
  author={Cogburn, Derrick L. and Espinoza-Vasquez, Fatima K.},
  journal={Journal of political marketing},
  volume={10},
  number={1-2},
  pages={189--213},
  year={2011},
  publisher={Taylor \& Francis}
}

@article{hofer2013perceived,
  title={Perceived bridging and bonding social capital on Twitter: Differentiating between followers and followees},
  author={Hofer, Matthias and Aubert, Viviane},
  journal={Computers in Human Behavior},
  volume={29},
  number={6},
  pages={2134--2142},
  year={2013},
  publisher={Elsevier}
}
@incollection{putnam2000bowling,
  title={Bowling alone: America’s declining social capital},
  author={Putnam, Robert D},
  booktitle={Culture and politics},
  pages={223--234},
  year={2000},
  publisher={Springer}
}



@article{shah2007campaign,
  title={Campaign ads, online messaging, and participation: Extending the communication mediation model},
  author={Shah, Dhavan V and Cho, Jaeho and Nah, Seungahn and Gotlieb, Melissa R and Hwang, Hyunseo and Lee, Nam-Jin and Scholl, Rosanne M and McLeod, Douglas M},
  journal={Journal of communication},
  volume={57},
  number={4},
  pages={676--703},
  year={2007},
  publisher={Oxford University Press}
}

@book{annualReportCanadaAdvertisingActivities_2018, 
  place={Ottawa}, 
  title={Annual report on Government of Canada advertising activities}, 
  journal={Annual report on Government of Canada advertising activities}, 
  publisher={Public Works and Government Services Canada.}, 
  year={2018}
}

@book{levitsky2018democracies,
  title={How democracies die},
  author={Levitsky, Steven and Ziblatt, Daniel},
  year={2018},
  publisher={Broadway Books}
}

@article{freeman2004development,
  title={The development of social network analysis},
  author={Freeman, Linton},
  journal={A Study in the Sociology of Science},
  volume={1},
  pages={687},
  year={2004},
  publisher={Empirical press}
}

@book{gardels2019renovating,
  title={Renovating democracy: Governing in the age of globalization and digital capitalism},
  author={Gardels, Nathan and Berggruen, Nicolas},
  volume={1},
  year={2019},
  publisher={Univ of California Press}
}

@book{mcnair2017introduction,
  title={An introduction to political communication},
  author={McNair, Brian},
  year={2017},
  publisher={Taylor \& Francis}
}

@article{nickerson2014political,
  title={Political campaigns and big data},
  author={Nickerson, David W. and Rogers, Todd},
  journal={Journal of Economic Perspectives},
  volume={28},
  number={2},
  pages={51--74},
  year={2014}
}

@book{mounk2018people,
  title={The people vs. democracy: Why our freedom is in danger and how to save it},
  author={Mounk, Yascha},
  year={2018},
  publisher={Harvard University Press}
}

@article{carty2010political,
  title={Political parties and the practice of brokerage politics},
  author={Carty, R. Kenneth and Cross, William},
  journal={The Oxford Handbook of Canadian Politics},
  pages={191--207},
  year={2010},
  publisher={Oxford University Press Oxford}
}

@inproceedings{Zhang2017FindingCU,
  title={Finding Critical Users for Social Network Engagement: The Collapsed k-Core Problem},
  author={Fan Zhang and Ying Zhang and Lu Qin and Wenjie Zhang and Xuemin Lin},
  booktitle={AAAI},
  year={2017}
}

@article{kavanaugh2002community,
  title={Community networks and civic engagement: A social network approach},
  author={Kavanaugh, Andrea L},
  journal={The Good Society},
  volume={11},
  number={3},
  pages={17--24},
  year={2002},
  publisher={Penn State University Press}
}

@article{robins2013tutorial,
  title={A tutorial on methods for the modeling and analysis of social network data},
  author={Robins, Garry},
  journal={Journal of Mathematical Psychology},
  volume={57},
  number={6},
  pages={261--274},
  year={2013},
  publisher={Elsevier}
}

@inproceedings{netlsd,
  title={Netlsd: hearing the shape of a graph},
  author={Tsitsulin, Anton and Mottin, Davide and Karras, Panagiotis and Bronstein, Alexander and M{\"u}ller, Emmanuel},
  booktitle={Proceedings of the 24th ACM SIGKDD International Conference on Knowledge Discovery \& Data Mining},
  pages={2347--2356},
  year={2018}
}

@article{stephenson1989rethinking,
  title={Rethinking centrality: Methods and examples},
  author={Stephenson, Karen and Zelen, Marvin},
  journal={Social networks},
  volume={11},
  number={1},
  pages={1--37},
  year={1989},
  publisher={Elsevier}
}


@article{newman2008mathematics,
  title={The mathematics of networks},
  author={Newman, Mark EJ},
  journal={The new palgrave encyclopedia of economics},
  volume={2},
  number={2008},
  pages={1--12},
  year={2008},
  publisher={Citeseer}
}


@book{chung1997spectral,
  title={Spectral graph theory},
  author={Chung, Fan RK and Graham, Fan Chung},
  number={92},
  year={1997},
  publisher={American Mathematical Soc.}
}

@inproceedings{elghawalby2008measuring,
  title={Measuring graph similarity using spectral geometry},
  author={Elghawalby, Hewayda and Hancock, Edwin R},
  booktitle={International Conference Image Analysis and Recognition},
  pages={517--526},
  year={2008},
  organization={Springer}
}

@book{doreian2005generalized,
  title={Generalized blockmodeling},
  author={Doreian, Patrick and Batagelj, Vladimir and Ferligoj, Anuska},
  volume={25},
  year={2005},
  publisher={Cambridge university press}
}

@article{holland1983stochastic,
  title={Stochastic blockmodels: First steps},
  author={Holland, Paul W and Laskey, Kathryn Blackmond and Leinhardt, Samuel},
  journal={Social networks},
  volume={5},
  number={2},
  pages={109--137},
  year={1983},
  publisher={Elsevier}
}

@article{alghamdi2015survey,
  title={A survey of topic modeling in text mining},
  author={Alghamdi, Rubayyi and Alfalqi, Khalid},
  journal={Int. J. Adv. Comput. Sci. Appl.(IJACSA)},
  volume={6},
  number={1},
  year={2015},
  publisher={Citeseer}
}

@article{blei2003latent,
  title={Latent dirichlet allocation},
  author={Blei, David M and Ng, Andrew Y and Jordan, Michael I},
  journal={Journal of machine Learning research},
  volume={3},
  number={Jan},
  pages={993--1022},
  year={2003}
}

@article{miller2015talking,
  title={Talking politics on Facebook: Network centrality and political discussion practices in social media},
  author={Miller, Patrick R and Bobkowski, Piotr S and Maliniak, Daniel and Rapoport, Ronald B},
  journal={Political Research Quarterly},
  volume={68},
  number={2},
  pages={377--391},
  year={2015},
  publisher={SAGE Publications Sage CA: Los Angeles, CA}
}


@article{cross2004contours,
  title={The contours of political party membership in Canada},
  author={Cross, William and Young, Lisa},
  journal={Party Politics},
  volume={10},
  number={4},
  pages={427--444},
  year={2004},
  publisher={Sage Publications Sage CA: Thousand Oaks, CA}
}

@article{franklin1992decline,
  title={The decline of cleavage politics},
  author={Franklin, Mark N},
  journal={Electoral change: Responses to evolving social and attitudinal structures in Western countries},
  pages={383--405},
  year={1992},
  publisher={Cambridge University Press Cambridge}
}

@inproceedings{sapul2017trending,
  title={Trending topic discovery of Twitter Tweets using clustering and topic modeling algorithms},
  author={Sapul, Ma Shiela C and Aung, Than Htike and Jiamthapthaksin, Rachsuda},
  booktitle={2017 14th International Joint Conference on Computer Science and Software Engineering (JCSSE)},
  pages={1--6},
  year={2017},
  organization={IEEE}
}

@article{schipper2018political,
  title={Political awareness, microtargeting of voters, and negative electoral campaigning},
  author={Schipper, Burkhard C and Woo, Hee},
  journal={Microtargeting of Voters, and Negative Electoral Campaigning (September 17, 2018)},
  year={2018}
}

@article{manucci2018wind,
  title={Where the wind blows: Five Star Movement’s populism, direct democracy and ideological flexibility},
  author={Manucci, Luca and Amsler, Michi},
  journal={Italian Political Science Review/Rivista Italiana di Scienza Politica},
  volume={48},
  number={1},
  pages={109--132},
  year={2018},
  publisher={Cambridge University Press}
}
